<record><leader>00000cas a22000007a 4500</leader><controlfield tag="001">15193783</controlfield><controlfield tag="008">870213d194619uumsudr ne      0    0eng d</controlfield><datafield ind1=" " ind2=" " tag="010"><subfield code="a">sn 87065140 </subfield></datafield><datafield ind1=" " ind2=" " tag="040"><subfield code="a">MJA</subfield><subfield code="b">eng</subfield><subfield code="c">MJA</subfield><subfield code="d">MSJ</subfield><subfield code="d">OCLCG</subfield><subfield code="d">OCLCQ</subfield></datafield><datafield ind1=" " ind2=" " tag="042"><subfield code="a">msc</subfield></datafield><datafield ind1="0" ind2=" " tag="130"><subfield code="a">Morning star (Greenwood, Miss.)</subfield></datafield><datafield ind1="1" ind2="4" tag="245"><subfield code="a">The Morning star.</subfield></datafield><datafield ind1=" " ind2=" " tag="260"><subfield code="a">Greenwood, Miss. :</subfield><subfield code="b">James N. Alsop,</subfield><subfield code="c">1946-</subfield></datafield><datafield ind1=" " ind2=" " tag="310"><subfield code="a">Daily (except Monday)</subfield></datafield><datafield ind1="0" ind2=" " tag="362"><subfield code="a">Vol. 1, no. 1 (July 8, 1946)-</subfield></datafield><datafield ind1=" " ind2=" " tag="500"><subfield code="a">Contributing editor: Hodding Carter.</subfield></datafield><datafield ind1="1" ind2=" " tag="700"><subfield code="a">Carter, Hodding,</subfield><subfield code="d">1907-1972.</subfield></datafield><datafield ind1=" " ind2=" " tag="752"><subfield code="a">United States</subfield><subfield code="b">Mississippi</subfield><subfield code="c">Leflore</subfield><subfield code="d">Greenwood.</subfield></datafield><datafield ind1="1" ind2=" " tag="029"><subfield code="a">AU@</subfield><subfield code="b">000025787377</subfield></datafield></record>